%% This BibTeX bibliography file was created using BibDesk.
%% http://bibdesk.sourceforge.net/


%% Created for Nathan Burow at 2015-05-10 11:56:32 -0400 


%% Saved with string encoding Unicode (UTF-8) 



@webpage{nist,
	Date-Added = {2015-05-10 15:54:12 +0000},
	Date-Modified = {2015-05-10 15:54:55 +0000},
	Month = {May},
	Url = {http://www.nist.gov/el/smartgrid/cybersg.cfm},
	Year = {2015}}

@inproceedings{lin2012false,
	Author = {Lin, Jie and Yu, Wei and Yang, Xinyu and Xu, Guobin and Zhao, Wei},
	Booktitle = {2012 IEEE/ACM Third International Conference on Cyber-Physical Systems (ICCPS)},
	Pages = {183--192},
	Title = {On false data injection attacks against distributed energy routing in smart grid},
	Year = {2012}}

@inproceedings{hussain2012ncs,
	Author = {Hussain, Alefiya and Amin, Saurabh},
	Booktitle = {Proc. of the 1st Intl. Conf. on High Confidence Networked Systems},
	Pages = {73--80},
	Title = {NCS security experimentation using DETER},
	Year = {2012}}

@article{yuan2011modeling,
	Author = {Yuan, Yanling and Li, Zuyi and Ren, Kui},
	Journal = {Smart Grid, IEEE Transactions on},
	Pages = {382--390},
	Title = {Modeling load redistribution attacks in power systems},
	Year = {2011}}

@inproceedings{petersen2013taxonomy,
	Author = {Petersen, MK and Edlund, Kristian and Hansen, Lars Henrik and Bendtsen, J and Stoustrup, Jakob},
	Booktitle = {American Control Conference (ACC), 2013},
	Pages = {1150--1156},
	Title = {A taxonomy for modeling flexibility and a computationally efficient algorithm for dispatch in smart grids},
	Year = {2013}}

@inproceedings{gupta2010optimal,
	Author = {Gupta, Abhishek and Langbort, C{\'e}dric and Basar, Tamer},
	Booktitle = {49th IEEE Conference on Decision and Control (CDC)},
	Pages = {1096--1101},
	Title = {Optimal control in the presence of an intelligent jammer with limited actions},
	Year = {2010}}

@inproceedings{teixeira2014security,
	Author = {Teixeira, Andre and Dan, Gyorgy and Sandberg, Henrik and Berthier, Robin and Bobba, Rakesh B and Valdes, Alfonso},
	Booktitle = {American Control Conference (ACC), 2014},
	Pages = {4372--4378},
	Title = {Security of smart distribution grids: Data integrity attacks on integrated volt/VAR control and countermeasures},
	Year = {2014}}

@article{ten2010cybersecurity,
	Author = {Ten, Chee-Wooi and Manimaran, Govindarasu and Liu, Chen-Ching},
	Journal = {Systems, Man and Cybernetics, Part A: Systems and Humans, IEEE Transactions on},
	Number = {4},
	Pages = {853--865},
	Publisher = {IEEE},
	Title = {Cybersecurity for critical infrastructures: attack and defense modeling},
	Volume = {40},
	Year = {2010}}

@inproceedings{kundur2010towards,
	Author = {Kundur, Deepa and Feng, Xianyong and Liu, Shan and Zourntos, Takis and Butler-Purry, Karen L},
	Booktitle = {SmartGridComm},
	Pages = {244--249},
	Title = {Towards a framework for cyber attack impact analysis of the electric smart grid},
	Year = {2010}}

@inproceedings{giacomoni2011control,
	Author = {Giacomoni, Anthony M and Amin, S Massoud and Wollenberg, Bruce F},
	Booktitle = {Proc. of the 18th IFAC World Congress, Milano, Italy},
	Title = {A control and communications architecture for a secure and reconfigurable power distribution system: An analysis and case study},
	Year = {2011}}

@inproceedings{mohassel2014survey,
	Author = {Mohassel, Ramyar Rashed and Fung, Alan S and Mohammadi, Farah and Raahemifar, Kaamran},
	Booktitle = {Electrical and Computer Engineering (CCECE), 2014 IEEE 27th Canadian Conference on},
	Pages = {1--8},
	Title = {A survey on advanced metering infrastructure and its application in Smart Grids},
	Year = {2014}}

@article{sridhar2014model,
	Author = {Sridhar, Siddharth and Govindarasu, Manimaran},
	Journal = {Smart Grid, IEEE Transactions on},
	Number = {2},
	Pages = {580--591},
	Publisher = {IEEE},
	Title = {Model-based attack detection and mitigation for automatic generation control},
	Volume = {5},
	Year = {2014}}

@article{chen2015detection,
	Author = {Chen, Po-Yu and Yang, Shusen and McCann, Julie and Lin, Jie and Yang, Xinyu and others},
	Journal = {Communications Magazine, IEEE},
	Number = {2},
	Pages = {206--213},
	Publisher = {IEEE},
	Title = {Detection of false data injection attacks in smart-grid systems},
	Volume = {53},
	Year = {2015}}

@inproceedings{ten2007vulnerability,
	Author = {Ten, Chee-Wooi and Liu, Chen-Ching and Govindarasu, Manimaran},
	Booktitle = {Power Engineering Society General Meeting, 2007. IEEE},
	Pages = {1--8},
	Title = {Vulnerability assessment of cybersecurity for SCADA systems using attack trees},
	Year = {2007}}

@inproceedings{yan2011cyber,
	Author = {Yan, Jie and Liu, Chen-Ching and Govindarasu, Manimaran},
	Booktitle = {Power Systems Conference and Exposition (PSCE), 2011 IEEE/PES},
	Pages = {1--6},
	Title = {Cyber intrusion of wind farm SCADA system and its impact analysis},
	Year = {2011}}

@inproceedings{shawly2014risk,
	Author = {Shawly, Tawfeeq and Liu, Jun and Burow, Nathan and Bagchi, Saurabh and Berthier, Robin and Bobba, Rakesh B},
	Booktitle = {SmartGridComm},
	Pages = {989--994},
	Title = {A risk assessment tool for advanced metering infrastructures},
	Year = {2014}}

@article{hansendemand,
	Author = {Hansen, Jacob and Knudsen, Jesper and Annaswamy, Anuradha M},
	Title = {Demand Response in Smart Grids: Participants, Challenges, and a Taxonomy}}

@misc{gridsec,
	author = {Burow, Nathan and Bagchi, Saurabh},
	title = {{Gridsec: Open source modeling and simulation for smart grid security}},
	howpublished = {\\\url{https://github.com/purdue-dcsl/gridsec}}
}
