@inproceedings{lin2012false,
  title={On false data injection attacks against distributed energy routing in smart grid},
  author={Lin, Jie and Yu, Wei and Yang, Xinyu and Xu, Guobin and Zhao, Wei},
  booktitle={Cyber-Physical Systems (ICCPS), 2012 IEEE/ACM Third International Conference on},
  pages={183--192},
  year={2012},
  organization={IEEE}
}

@inproceedings{hussain2012ncs,
  title={NCS security experimentation using DETER},
  author={Hussain, Alefiya and Amin, Saurabh},
  booktitle={Proceedings of the 1st international conference on High Confidence Networked Systems},
  pages={73--80},
  year={2012},
  organization={ACM}
}

@article{yuan2011modeling,
  title={Modeling load redistribution attacks in power systems},
  author={Yuan, Yanling and Li, Zuyi and Ren, Kui},
  journal={Smart Grid, IEEE Transactions on},
  volume={2},
  number={2},
  pages={382--390},
  year={2011},
  publisher={IEEE}
}

@inproceedings{petersen2013taxonomy,
  title={A taxonomy for modeling flexibility and a computationally efficient algorithm for dispatch in smart grids},
  author={Petersen, MK and Edlund, Kristian and Hansen, Lars Henrik and Bendtsen, J and Stoustrup, Jakob},
  booktitle={American Control Conference (ACC), 2013},
  pages={1150--1156},
  year={2013},
  organization={IEEE}
}

@inproceedings{gupta2010optimal,
  title={Optimal control in the presence of an intelligent jammer with limited actions},
  author={Gupta, Abhishek and Langbort, C{\'e}dric and Basar, Tamer},
  booktitle={Decision and Control (CDC), 2010 49th IEEE Conference on},
  pages={1096--1101},
  year={2010},
  organization={IEEE}
}

@inproceedings{teixeira2014security,
  title={Security of smart distribution grids: Data integrity attacks on integrated volt/VAR control and countermeasures},
  author={Teixeira, Andre and Dan, Gyorgy and Sandberg, Henrik and Berthier, Robin and Bobba, Rakesh B and Valdes, Alfonso},
  booktitle={American Control Conference (ACC), 2014},
  pages={4372--4378},
  year={2014},
  organization={IEEE}
}

@article{ten2010cybersecurity,
  title={Cybersecurity for critical infrastructures: attack and defense modeling},
  author={Ten, Chee-Wooi and Manimaran, Govindarasu and Liu, Chen-Ching},
  journal={Systems, Man and Cybernetics, Part A: Systems and Humans, IEEE Transactions on},
  volume={40},
  number={4},
  pages={853--865},
  year={2010},
  publisher={IEEE}
}

@inproceedings{kundur2010towards,
  title={Towards a framework for cyber attack impact analysis of the electric smart grid},
  author={Kundur, Deepa and Feng, Xianyong and Liu, Shan and Zourntos, Takis and Butler-Purry, Karen L},
  booktitle={Smart Grid Communications (SmartGridComm), 2010 First IEEE International Conference on},
  pages={244--249},
  year={2010},
  organization={IEEE}
}

@inproceedings{giacomoni2011control,
  title={A control and communications architecture for a secure and reconfigurable power distribution system: An analysis and case study},
  author={Giacomoni, Anthony M and Amin, S Massoud and Wollenberg, Bruce F},
  booktitle={Proc. of the 18th IFAC World Congress, Milano, Italy},
  year={2011}
}

@inproceedings{mohassel2014survey,
  title={A survey on advanced metering infrastructure and its application in Smart Grids},
  author={Mohassel, Ramyar Rashed and Fung, Alan S and Mohammadi, Farah and Raahemifar, Kaamran},
  booktitle={Electrical and Computer Engineering (CCECE), 2014 IEEE 27th Canadian Conference on},
  pages={1--8},
  year={2014},
  organization={IEEE}
}

@article{sridhar2014model,
  title={Model-based attack detection and mitigation for automatic generation control},
  author={Sridhar, Siddharth and Govindarasu, Manimaran},
  journal={Smart Grid, IEEE Transactions on},
  volume={5},
  number={2},
  pages={580--591},
  year={2014},
  publisher={IEEE}
}

@article{chen2015detection,
  title={Detection of false data injection attacks in smart-grid systems},
  author={Chen, Po-Yu and Yang, Shusen and McCann, Julie and Lin, Jie and Yang, Xinyu and others},
  journal={Communications Magazine, IEEE},
  volume={53},
  number={2},
  pages={206--213},
  year={2015},
  publisher={IEEE}
}

@inproceedings{ten2007vulnerability,
  title={Vulnerability assessment of cybersecurity for SCADA systems using attack trees},
  author={Ten, Chee-Wooi and Liu, Chen-Ching and Govindarasu, Manimaran},
  booktitle={Power Engineering Society General Meeting, 2007. IEEE},
  pages={1--8},
  year={2007},
  organization={IEEE}
}

@inproceedings{yan2011cyber,
  title={Cyber intrusion of wind farm SCADA system and its impact analysis},
  author={Yan, Jie and Liu, Chen-Ching and Govindarasu, Manimaran},
  booktitle={Power Systems Conference and Exposition (PSCE), 2011 IEEE/PES},
  pages={1--6},
  year={2011},
  organization={IEEE}
}

@inproceedings{shawly2014risk,
  title={A risk assessment tool for advanced metering infrastructures},
  author={Shawly, Tawfeeq and Liu, Jun and Burow, Nathan and Bagchi, Saurabh and Berthier, Robin and Bobba, Rakesh B},
  booktitle={Smart Grid Communications (SmartGridComm), 2014 IEEE International Conference on},
  pages={989--994},
  year={2014},
  organization={IEEE}
}

@article{hansendemand,
  title={Demand Response in Smart Grids: Participants, Challenges, and a Taxonomy},
  author={Hansen, Jacob and Knudsen, Jesper and Annaswamy, Anuradha M}
}

